@book{latex2e,
  author = {Leslie Lamport},
  year = {1994},
  title = {{\LaTeX}: a Document Preparation System},
  publisher = {Addison Wesley},
  address = {Massachusetts},
  edition = {2}
}